<?xml version="1.0" encoding="UTF-8"?><collection xmlns="http://www.loc.gov/MARC21/slim"><record><leader>00337nam--2200121-i-4500</leader><controlfield tag="001">000026515</controlfield><controlfield tag="002">20161230</controlfield><controlfield tag="005">20161230201036</controlfield><controlfield tag="008">060222s1000------------r-----000-0-eng-d</controlfield><datafield ind1=" " ind2=" " tag="080"><subfield code="a">92(100)</subfield></datafield><datafield ind1=" " ind2=" " tag="245"><subfield code="a">The international who`s who. thirty-first edition 1967-68</subfield></datafield><datafield ind1=" " ind2=" " tag="260"><subfield code="a">London, Europa Publications Ltd., 1967, Xix + 1449p</subfield></datafield><datafield ind1=" " ind2=" " tag="852"><subfield code="a">27687</subfield></datafield></record></collection>